@book{Goodfellow-et-al-2016,
    title={Deep Learning},
    author={Ian Goodfellow and Yoshua Bengio and Aaron Courville},
    publisher={MIT Press},
    note={\url{http://www.deeplearningbook.org}},
    year={2016}
}

@book{dl2018python,
    title= {Deep Learning mit Python und Keras: Das Praxis-Handbuch vom Entwickler der Keras-Bibliothek},
    author={C. François},
    volume={477},
    pages={19--21},
    year={2018},
    publisher={MITP-Verlags GmbH \& Co. KG}
}

@book{computational2015intelligence,
    title= {Computational intelligence: eine methodische Einführung in künstliche neuronale Netze, evolutionäre Algorithmen, Fuzzy-Systeme und Bayes-Netze},
    author={R. Kruse, C. Borgelt, C. Braune
}, 
    volume={508},
    pages={365--400},
    year={2015},
    publisher={Springer Vieweg}
}

@book{handbuch2013ki,
    title= {Handbuch der Künstlichen Intelligenz},
    author={Hrsg. v. G. Görz, J. Schneeberger, U. Schmid},
    volume={665},
    pages={357--401},
    year={2013},
    publisher={Oldenbourg Wissenschaftsverlag}
}

@book{introduction2017dl,
    title= {Introduction to Deep Learning Using R.},
    author={T. Beysolow},
    volume={240},
    pages={101--120},
    year={2017},
    publisher={Springer}
}

@article{alex2017,
    title={ImageNet classification with deep convolutional neural networks},
    author={A. Krizhevsky, I. Sutskever, G. E. Hinton},
    publisher = {ACM},
    journal = {Commun. ACM},
    volume = {60},
    pages = {84--90},
    year={2017}
}

@book{reinforce2018learning,
    title ={Reinforcement Learning: An Introduction},
    author = {R. S. Sutton, A. G. Barto},
    year= {2018},
    publisher = {MIT Press},
    volume = {552},
    pages = {2}
}

@article{rcnn2014original,
    title ={Rich feature hierarchies for accu- rate object detection and semantic segmentation},
    author = {R. Girshick, J. Donahue, T. Darrell, and J. Malik},
    publisher={2014 IEEE Conference on Computer Vision and Pattern Recognition},
    pages={580-587}, 
    year= {2014}
}

@article{fast2015rcnn,
    title ={Fast r-cnn},
    author = {R. Girshick},
    publisher = {International Conference on Computer Vision (ICCV)},
    journal   = {CoRR},
    year= {2015}
}

@article{faster2016rcnn,
    title ={Faster R-CNN: Towards real-time object detection with region proposal networks},
    booktitle = {Proceedings of the 28th International Conference on Neural Information Processing Systems - Volume 1},
    author = {S. Ren, K. He, R. Girshick, and J. Sun},
    publisher = {Advances in Neural Information Processing Systems (NIPS)},
    year= {2015},
    publisher = {MIT Press},
    pages={91--99}
}


@article{selective2013search,
    title ={Selective search for object recognition},
    author = {J. Uijlings, K. van de Sande, T. Gevers, and A. Smeulders},
    publisher = {International Journal of Computer Vision},
    year= {2013}
}

@article{support2000vector,
    title ={Face recognition by support vector machines},
    author = {G. Guo, S. Z. Li, and K. Chan},
    publisher = {In Proceedings of the IEEE International Conference on Automatic Face and Gesture Recognition},
    year= {2000}
}

@article{box2010regression,
    title ={Object Detection with Discriminatively Trained
    Part Based Models},
    author = {P. Felzenszwalb, R. Girshick, D. McAllester and D. Ramanan},
    publisher = {IEEE Transactions on Pattern Analysis and Machine Intelligence},
    year= {2010},
    volume={32},
    pages={14}
}


@book{back1986propagation,
    title ={Learning internal representations by error propagation},
    author = {D. E. Rumelhart, G. E. Hinton, R.J. Williams},
    year= {1986},
    publisher = {Parallel distributed processing: Explorations in the
    microstructure of cognition},
    pages = {318 -- 362}
}

@misc{leuphanalernfabrik,
  url = {https://www.leuphana.de/institute/ppi/ausstattung/lernfabrik.html},
  title = {Lernfabrik - Erleben. Optimieren. Umsetzen},
  year = {Stand: 15.08.2019},
  publisher = {Leuphana Universität Lüneburg}
}

@article{analysis2016nn,
    title ={An Analysis of Deep Neural Network Models for Practical Applications},
    author = {A. Canziani, A. Paszke, and E. Culurciello},
    year= {2016},
    journal   = {CoRR},
}

@article{cuDNN2014,
    title ={cuDNN: Efficient Primitives for Deep Learning},
    author = {S. Chetlur, C. Woolley, P. Vandermersch, J. Cohen and J. Tran},
    journal   = {CoRR},
    year= {2014}
}

@article{transfer2009learning,
    title ={A Survey on Transfer Learning},
    author = {S. J. Pan and Q. Yang},
    year= {2009},
    publisher = {IEEE}
}

@misc{MatlabFasterRCNN,
  url = {https://de.mathworks.com/help/vision/ug/faster-r-cnn-basics.html},
  year = {Stand: 01.09.2019},
  title = {R-CNN, Fast R-CNN, and Faster R-CNN Basics},
  publisher = {MathWorks},
}

@article{IntersectionOverUnion,
    title ={Optimizing Intersection-Over-Union in Deep Neural Networks for Image Segmentation},
    author = {A. Rahman and Y. Wang},
    url= {https://www.cs.umanitoba.ca/~ywang/papers/isvc16.pdf}
}

@Inbook{average2009precision,
    author={E. Zhang and Y. Zhang},
    title={Average Precision},
    bookTitle={Encyclopedia of Database Systems},
    year={2009},
    publisher={Springer US},
    pages={192--193},
}

@article{yolo2017better,
    title ={YOLO9000: Better, Faster, Stronger},
    author = {J. Redmon and A. Farhadi},
    publisher = {IEEE Conference on Computer Vision and Pattern Recognition (CVPR)},
    year= {2017}
}

@article{yolo2016original,
    title ={You only look once: Unified, real-time object detection.},
    author = {J. Redmon, S. Divvala, R. Girshick, and A. Farhadi},
    publisher = {Proceedings of the ieee conference on computer vision and pattern recognition},
    year= {2016}
}

@misc{EvaluateAveragePrecision,
  url = {https://de.mathworks.com/help/vision/ref/evaluatedetectionprecision.html},
  year = {Stand: 08.09.2019},
  title = {Evaluate Detection Precision},
  publisher = {MathWorks},
}

@misc{EvaluateMissRate,
  url = {https://de.mathworks.com/help/vision/ref/evaluatedetectionmissrate.html},
  year = {Stand: 08.09.2019},
  title = {Evaluate Detection Miss Rate},
  publisher = {MathWorks},
}

@misc{average2018precision,
  url = {https://medium.com/@jonathan_hui/map-mean-average-precision-for-object-detection-45c121a31173},
  author={J. Hui},
  language = {Stand: 05.09.2019},
  year = {2018},
  title = {mAP (mean Average Precision) for Object Detection}
}

@misc{yolov2Matlab,
  url = {https://de.mathworks.com/help/vision/ug/getting-started-with-yolo-v2.html#mw_bcbd5375-ed75-4616-b57b-469e29139033},
  year = {Stand: 01.09.2019},
  title = {Getting Started with YOLO v2}
}

@misc{GpuNvidia,
  url = {https://www.nvidia.com/de-de/geforce/products/10series/geforce-gtx-1070/},
  year = {Stand: 20.08.2019},
  title = {Geforce GTX 1070 Ti}
}

@article{Matlab,
  author= {K. Smetana},
  title = {Einführung in die Programmierung mit MATLAB},
  year= {2010}
}

@article{Mc1943Culloch,
    author={W. S. McCulloch and W. Pitts},
    title={A logical calculus of the ideas immanent in nervous activity},
    journal={The bulletin of mathematical biophysics},
    year={1943},
    volume={5},
    pages={115--133}
}

@Article{stochastic2016descent,
author={D. Needell, N. Srebro and R.Ward},
title={Stochastic gradient descent, weighted sampling, and the randomized Kaczmarz algorithm},
journal={Mathematical Programming},
year={2016},
volume={155},
pages={549--573}
}

@article{quality2007control,
title = {Artificial neural networks for quality control by ultrasonic testing in resistance spot welding},
author = {O. Martin, M. Lopez and F. Martin},
journal = {Journal of Materials Processing Technology},
volume = {183},
pages = {226 - 233},
year = {2007}
}

@article{predicitve2007maintenance, 
author={S. Wu, N. Gebraeel, M. A. Lawley and Y. Yih}, 
publisher={IEEE Transactions on Systems, Man, and Cybernetics - Part A: Systems and Humans}, 
title={A Neural Network Integrated Decision Support System for Condition-Based Optimal Predictive Maintenance Policy}, 
year={2007}, 
volume={37}, 
pages={226-236}, 
}

@article{einleitungcite,
  author    = {K. He, X. Zhang, S. Ren and J. Sun},
  title     = {Deep Residual Learning for Image Recognition},
  journal   = {CoRR},
  year      = {2015},
}

@article{ImageNetChallenge,
  author    = {O. Russakovsky, J. Deng, H. Su, J. Krause, S. Satheesh et al.},
  title     = {ImageNet Large Scale Visual Recognition Challenge},
  journal   = {CoRR},
  year      = {2014},
}

@article{sigmoid,
  author    = {B. Karlik and A V. Olgac},
  title     = {Performance Analysis of Various Activation Functions in Generalized MLP Architectures of Neural Networks},
  journal   = {International Journal of Artificial Intelligence And Expert Systems (IJAE)},
  year      = {2011},
}

@article{activationfunction,
  author    = {B. Xu, R. Huang and M. Li},
  title     = {Revise Saturated Activation Functions},
  journal   = {CoRR},
  year      = {2016}
}

@article{convolutional,
  author    = {D. C. Cires, U. Meier, J. Masci, L. M. Gambardella, J. Schmidhuber},
  title     = {Flexible, High Performance Convolutional
        Neural Networks for Image Classification},
  journal   = {Proceedings of the Twenty-Second International Joint Conference on Artificial Intelligence},
  year      = {2011}
}

@book{FullyConnected,
    author={T. Ganegedara},
    title={Natural Language Processing with TensorFlow: Teach language to machines using Python's deep learning library},
    year={2018},
    volume={472},
    pages={147}
}

@book{Confusion,
    author={E. Alpaydin},
    title={Introduction to Machine Learning},
    year={2004},
    volume={415},
    pages={333}
}